@INPROCEEDINGS{Asfour2013,
  author = {Tamim Asfour and Julian Schill and Heiner Peters and Cornelius Klas and Jens B\"ucker and Christian Sander and Stefan Schulz and Artem Kargov and Tino Werner and Volker Bartenbach},
  title = {{ARMAR-4: A 63 DOF Torque Controlled Humanoid Robot}},
  booktitle = {{IEEE/RAS} International Conference on Humanoid Robots (Humanoids)},
  year = {2013},
  address = {Atlanta, USA},
  month = {October},
  timestamp = {2013.10.25}
}

@INPROCEEDINGS {Asfour2006,
	author = {T. Asfour and K. Regenstein and P. Azad and J. Schr\"oder and N. Vahrenkamp and R. Dillmann},
	title = {{ARMAR-III: An Integrated Humanoid Platform for Sensory-Motor Control}},
	booktitle = {IEEE/RAS International Conference on Humanoid Robots (Humanoids)},
	pages = {169--175},
	year = {2006},
}    