@INPROCEEDINGS{Asfour2013,
  author = {Tamim Asfour and Julian Schill and Heiner Peters and Cornelius Klas and Jens B\"ucker and Christian Sander and Stefan Schulz and Artem Kargov and Tino Werner and Volker Bartenbach},
  title = {{ARMAR-4: A 63 DOF Torque Controlled Humanoid Robot}},
  booktitle = {{IEEE/RAS} International Conference on Humanoid Robots (Humanoids)},
  year = {2013},
  address = {Atlanta, USA},
  month = {October},
  timestamp = {2013.10.25}
}

@INPROCEEDINGS {Asfour2006,
	author = {T. Asfour and K. Regenstein and P. Azad and J. Schr\"oder and N. Vahrenkamp and R. Dillmann},
	title = {{ARMAR-III: An Integrated Humanoid Platform for Sensory-Motor Control}},
	booktitle = {IEEE/RAS International Conference on Humanoid Robots (Humanoids)},
	pages = {169--175},
	year = {2006},
} 

@ARTICLE{myhand,
author={M. Controzzi and F. Clemente and D. Barone and A. Ghionzoli and C. Cipriani},
journal={IEEE Transactions on Neural Systems and Rehabilitation Engineering},
title={The SSSA-MyHand: A Dexterous Lightweight Myoelectric Hand Prosthesis},
year={2017},
volume={25},
number={5},
pages={459-468},
keywords={actuators;biomechanics;dexterous manipulators;force sensors;medical control systems;prosthetics;SSSA-MyHand;actuator;dexterous lightweight myoelectric hand prosthesis;electric motors;force sensor;human-machine interfaces;index extension;index flexion;mass 478 g;multi-grasp hand;position sensor;rehabilitation engineering;semi-independent actuation;thumb abduction;thumb adduction;Actuators;Grasping;Indexes;Prosthetics;Robots;Thumb;Artificial Hand;Geneva Mechanism;Grasping;Prosthetics;Upper limb amputation},
doi={10.1109/TNSRE.2016.2578980},
ISSN={1534-4320},
month={May},} 

@INPROCEEDINGS{astohand,
author={M. Ariyanto and Munadi and G. D. Haryadi and R. Ismail and J. A. Pakpahan and K. A. Mustaqim},
booktitle={2016 3rd International Conference on Information Technology, Computer, and Electrical Engineering (ICITACEE)},
title={A low cost anthropomorphic prosthetic hand using DC micro metal gear motor},
year={2016},
volume={},
number={},
pages={42-46},
keywords={DC motors;medical robotics;prosthetics;3D printed material;DC micro metal gear motor;DOF;actuator;degree of freedom;low cost anthropomorphic prosthetic hand;passive prosthetic hand;tendon spring mechanism;white board;DC motors;Gears;Grasping;Metals;Prosthetic hand;Thumb;DC motor;anthropomorphic;low cost;prosthetic hand},
doi={10.1109/ICITACEE.2016.7892407},
ISSN={},
month={Oct},}

@INPROCEEDINGS{bionichand,
author={A. Atasoy and E. Kaya and E. Toptas and S. Kuchimov and E. Kaplanoglu and M. Ozkan},
booktitle={2016 38th Annual International Conference of the IEEE Engineering in Medicine and Biology Society (EMBC)},
title={24 DOF EMG controlled hybrid actuated prosthetic hand},
year={2016},
volume={},
number={},
pages={5059-5062},
keywords={alloys;brushless DC motors;electromechanical actuators;electromyography;medical signal processing;motion control;neural nets;prosthetics;shape memory effects;DOF EMG controlled hybrid actuated prosthetic hand;SMA actuators;basic hand gestures;brushless DC motors;complete mechanical design concept;degree-of-freedom anthropomorphic structure;dexterous functionality;electromyogram controlled hybrid prosthetic hand;neural network based controller;shape memory alloy actuators;Actuators;Electromyography;Feature extraction;Joints;Muscles;Prosthetic hand;Tendons},
doi={10.1109/EMBC.2016.7591864},
ISSN={1557-170X},
month={Aug},}

@ARTICLE{xhand,
author={C. H. Xiong and W. R. Chen and B. Y. Sun and M. J. Liu and S. G. Yue and W. B. Chen},
journal={IEEE Transactions on Robotics},
title={Design and Implementation of an Anthropomorphic Hand for Replicating Human Grasping Functions},
year={2016},
volume={32},
number={3},
pages={652-671},
keywords={actuators;dexterous manipulators;embedded systems;grippers;anthropomorphic hand;anthropomorphic mechanical digit;digit grasping movement;human grasping functions;kinematic transmission mechanism;natural grasping functions;postural synergic characteristic;Actuators;Design methodology;Grasping;Kinematics;Prosthetic hand;Robots;Taxonomy;Anthropomorphic hand;human hand;motion distribution mechanism;motion scaling mechanism;postural synergic characteristics},
doi={10.1109/TRO.2016.2558193},
ISSN={1552-3098},
month={June},}

@ARTICLE{6dofhand,
author={N. E. Krausz and R. A. L. Rorrer and R. F. f. Weir},
journal={IEEE Transactions on Neural Systems and Rehabilitation Engineering},
title={Design and Fabrication of a Six Degree-of-Freedom Open Source Hand},
year={2016},
volume={24},
number={5},
pages={562-572},
keywords={electromyography;medical control systems;medical signal processing;prosthetics;EMG;control complex prosthetic hands;electrical signals;electromyography;externally powered prostheses;muscle;muscular control sites;open source hand;six degree-of-freedom;upper-limb prosthetics;virtual hands;virtual realm;Gears;Joints;Prosthetics;Shafts;Thumb;Torque;3D printing;Additive manufacturing;hand design;open source;prosthesis;six degree of freedom},
doi={10.1109/TNSRE.2015.2440177},
ISSN={1534-4320},
month={May},}

@INPROCEEDINGS{softhand,
author={C. Piazza and C. D. Santina and M. Catalano and G. Grioli and M. Garabini and A. Bicchi},
booktitle={2016 IEEE International Conference on Robotics and Automation (ICRA)},
title={SoftHand Pro-D: Matching dynamic content of natural user commands with hand embodiment for enhanced prosthesis control},
year={2016},
volume={},
number={},
pages={3516-3523},
keywords={artificial limbs;damping;grippers;human-robot interaction;linear systems;medical robotics;Pisa/IIT SoftHand;SoftHand Pro-D;control signals;dynamic content matching;dynamic frequency content;dynamic synergies;enhanced prosthesis control;gripper-like systems;hand embodiment;hand movement;hand prosthetics;hi-tech poly-articular hands;linear descriptor systems;movement intentions;natural user commands;passive damping components;power grasp;underactuated soft hand;Electrodes;Electromyography;Encoding;Frequency control;Muscles;Prosthetics;Switches},
doi={10.1109/ICRA.2016.7487532},
ISSN={},
month={May},}

@INPROCEEDINGS{uompro,
author={K. Nisal and I. Ruhunge and J. Subodha and C. J. Perera and T. D. Lalitharatne},
booktitle={2017 39th Annual International Conference of the IEEE Engineering in Medicine and Biology Society (EMBC)},
title={Design, implementation and performance validation of UOMPro artificial hand: Towards affordable hand prostheses},
year={2017},
volume={},
number={},
pages={909-912},
keywords={biomechanics;controllers;medical control systems;prosthetics;three-dimensional printing;3D printed hands;CNC machined aluminum;UOMPro artificial hand;University-of-Moratuwa-Prosthetic;abduction-adduction motion;active artificial prosthetic hand;anthropometric prosthetics;degrees-of-freedom;electronic control circuit;finger position commands;flexion-extension motions;hand grip pattern commands;high-level controller;low-level controller;serial communication interface;thumb finger;Electromyography;Prosthetic hand;Three-dimensional displays;Thumb;Wrist},
doi={10.1109/EMBC.2017.8036972},
ISSN={1557-170X},
month={July},}

@INPROCEEDINGS{morahap2,
author={R. A. R. C. Gopura and D. S. V. Bandara and N. P. A. Gunasekera and V. H. Hapuarachchi and B. S. Ariyarathna},
booktitle={2017 3rd International Conference on Control, Automation and Robotics (ICCAR)},
title={A prosthetic hand with self-adaptive fingers},
year={2017},
volume={},
number={},
pages={269-274},
keywords={adaptive control;manipulator kinematics;medical robotics;prosthetics;DIP joint;MCP joint;PIP joint;cylindrical grasp;distal interphalangeal joint;distal phalanxes;extension angles;finger kinematic analysis;flexion angles;hand prosthesis;hook grasp;lateral pinch;metacarpophalangeal joint;middle phalanxes;multifunctional prosthetic hand;palmar pinch;proximal interphalangeal joint;proximal phalanxes;self-adaptive fingers;thumb apposition;thumb opposition;tip pinch;underactuation mechanism;Grasping;MATLAB;Springs;hand prosthesis;self adaptive;under actuation},
doi={10.1109/ICCAR.2017.7942701},
ISSN={},
month={April},}

@INPROCEEDINGS{tact,
author={P. Slade and A. Akhtar and M. Nguyen and T. Bretl},
booktitle={2015 IEEE International Conference on Robotics and Automation (ICRA)},
title={Tact: Design and performance of an open-source, affordable, myoelectric prosthetic hand},
year={2015},
volume={},
number={},
pages={6451-6456},
keywords={anthropometry;dexterous manipulators;electromyography;medical robotics;prosthetics;three-dimensional printing;3D printer;anthropomorphic hand;household object grasping;myoelectric prosthetic hand;off-the-shelf part;open source;tact hand;transradial amputations;Couplings;DC motors;Force;Joints;Prosthetic hand;Thumb},
doi={10.1109/ICRA.2015.7140105},
ISSN={1050-4729},
month={May},}

@ARTICLE{bennett,
author={D. A. Bennett and S. A. Dalley and D. Truex and M. Goldfarb},
journal={IEEE/ASME Transactions on Mechatronics},
title={A Multigrasp Hand Prosthesis for Providing Precision and Conformal Grasps},
year={2015},
volume={20},
number={4},
pages={1697-1704},
keywords={artificial limbs;embedded systems;motion control;precision engineering;activities of daily living;anthropomorphic prosthetic hand;conformal grasp capability;digit force capability;digit movement bandwidth;electrical power measurements;embedded control system;multigrasp hand prosthesis;physical properties;precision grasp capability;self-contained hand movement control;Actuators;Embedded systems;Joints;Kinematics;Prosthetics;Springs;Tendons;Hand prosthesis;multigrasp prosthesis;robotic hand;terminal device},
doi={10.1109/TMECH.2014.2349855},
ISSN={1083-4435},
month={Aug},}

@article{zhang, title={Biomechatronic design and control of an anthropomorphic artificial hand for prosthetic applications}, volume={34}, DOI={10.1017/S0263574714002902}, number={10}, journal={Robotica}, publisher={Cambridge University Press}, author={Zhang, Ting and Wang, Xin Qing and Jiang, Li and Wu, Xinyu and Feng, Wei and Zhou, Dingjiang and Liu, Hong}, year={2016}, pages={2291-2308}}

@INPROCEEDINGS{mio,
author={R. Mio and B. Villegas and L. Ccorimanya and K. M. Flores and G. Salazar and D. Elías},
booktitle={2017 3rd International Conference on Control, Automation and Robotics (ICCAR)},
title={Development and assessment of a powered 3D-printed prosthetic hand for transmetacarpal amputees},
year={2017},
volume={},
number={},
pages={85-90},
keywords={handicapped aids;production engineering computing;prosthetics;three-dimensional printing;3D printing;anthropometry;fingers flexion movements;myoelectric powered prostheses;prosthetic hand;transmetacarpal;transmetacarpal amputees;Actuators;Couplings;Gears;Indexes;Micromotors;Thumb;3D-printing;parametric design;robotics;transmetacarpal amputation;upper limb prostheses},
doi={10.1109/ICCAR.2017.7942665},
ISSN={},
month={April},}

@article{pisahand,
author = {M.G. Catalano and G. Grioli and E. Farnioli and A. Serio and C. Piazza and A. Bicchi},
title ={Adaptive synergies for the design and control of the Pisa/IIT SoftHand},
journal = {The International Journal of Robotics Research},
volume = {33},
number = {5},
pages = {768-782},
year = {2014},
doi = {10.1177/0278364913518998},
URL = {https://doi.org/10.1177/0278364913518998    
},
eprint = {https://doi.org/10.1177/0278364913518998   
}}

@article{humanbody,
author = {R.F. Chandler and C.E. Clauser and J.T. McConville and H.M. Reynolds and J.W. Young},
title = {Investigation of Inertial Properties of the Human Body},
year = {1975},
journal = {U.S. Departement of Commerce}}

@MISC{review,
    author = {Joseph T. Belter},
    title = {Mechanical design and performance specifications of anthropomorphic prosthetic hands: A review},
    year = {2013},
    journal = {JRRD},
    volume = {50},
    number = {5},
    pages = {599-618}
}

@article{weir,
  title={Design of artificial arms and hands for prosthetic applications},
  author={Weir, Richard F and Sensinger, Jonathon W},
  journal={Standard handbook of biomedical engineering and design},
  pages={32--1},
  year={2003},
  publisher={New York: McGraw-Hill}
}

@INPROCEEDINGS{bundhoo,
author={V. Bundhoo and E. J. Park},
booktitle={ICAR '05. Proceedings., 12th International Conference on Advanced Robotics, 2005.},
title={Design of an artificial muscle actuated finger towards biomimetic prosthetic hands},
year={2005},
volume={},
number={},
pages={368-375},
keywords={alloys;artificial limbs;biomimetics;muscle;torque;4 DOF finger design;SMA-driven tendon wires;artificial muscle actuated finger design;biomechanically accurate hand design;biomimetic prosthetic hand design;kinematic analysis;prosthetic finger design;shape memory alloys;torque analysis;Biomimetics;Design methodology;Fingers;Grasping;Grippers;Humans;Kinematics;Muscles;Prosthetic hand;Tendons},
doi={10.1109/ICAR.2005.1507437},
ISSN={},
month={July},}

@misc{vincent,
	title = {VINCENT Hand},
	author = {VincentSystems},
	URL = {https://vincentsystems.de/en/prosthetics/},
}

@misc{ilimb,
	title = {iLimb Hand},
	author = {TouchBionics},
	URL = {https://www.touchbionics.com/products},
}

@misc{bebionic,
	title = {Bebionic Hand},
	author = {Ottobock},
	URL = {http://bebionic.com/the_hand/},
}

@misc{michelangelo,
	title = {Michelangelo Hand},
	author = {Ottobock},
	URL = {https://www.ottobock.de/michelangelo.html},
}


